@inproceedings{XACML-NGAC,
	author = {Ferraiolo, David and Chandramouli, Ramaswamy and Kuhn, D and Hu, Vincent},
	year = {2016},
	month = {03},
	pages = {13-24},
	title = {Extensible Access Control Markup Language (XACML) and Next Generation Access Control (NGAC)},
	booktitle = {Proc. 2016 ACM International Workshop on Attribute Based Access Control},
	publisher = {ACM},
	doi = {10.1145/2875491.2875496}
}

@article{Assessment-AC-Systems,
	author = {Hu, Vincent and Ferraiolo, David and Kuhn, D},
	year = {2007},
	month = {01},
	pages = {},
	title = {Assessment of Access Control Systems}
}

@inproceedings{Composing-combining-policies,
	author = {Ferraiolo, David and Gavrila, Serban and Hu, Vincent and Kuhn, D},
	year = {2005},
	month = {01},
	pages = {11-20},
	title = {Composing and combining policies under the policy machine},
	booktitle = {Proceedings of ACM Symposium on Access Control Models and Technologies, SACMAT},
	publisher = {ACM},
	doi = {10.1145/1063979.1063982}
}

@book{NISTIR-7987-REV-1,
	author = {Ferraiolo, David and Gavrila, Serban and Jansen, Wayne },
	title = {Policy Machine: Features, Architecture, and Specification},
	date = {2015},
	series = {NISTIR},
	number = {7987},
	note = {Revision 1},
	publisher = {National Institute of Standards and Technology},
	location = {Gaithersburg, MD 20899-8930, USA},
	url = {http://dx.doi.org/10.6028/NIST.IR.7987r1},
}

@book{NISTIR-7316,
	author = {Hu, Vincent and Ferraiolo, David and Kuhn, D},
	title = {Assessment of Access Control Systems},
	series = {NISTIR},
	date = {September 2006},
	number = {7316},
	publisher = {National Institute of Standards and Technology},
	location = {Gaithersburg, MD 20899-8930, USA},
	url = {https://nvlpubs.nist.gov/nistpubs/Legacy/IR/nistir7316.pdf},
}

@report{Z-spec,
	author = {ISO/IEC JTC 1},
	title = {Information technology – Z formal specification notation – Syntax, type system and semantics},
	type = {INTERNATIONAL STANDARD},
	institution = {ISO/IEC},
	date = {2002-07-01},
	number = {ISO/IEC 13568:2002},
	location = {Geneva},
	url = {http://standards.iso.org/ittf/PubliclyAvailableStandards/c021573_ISO_IEC_13568_2002(E).zip},
}

@report{XACML-3-spec,
	author = {Rissanen, Erik},
	title = {eXtensible Access Control Markup Language (XACML) Version 3.0 Plus Errata 01},
	type = {Standard},
	institution = {OASIS},
	date = {2017-07-12},
	url = {http://docs.oasis-open.org/xacml/3.0/errata01/os/xacml-3.0-core-spec-errata01-os-complete.html},
}
